@book{101sonnets,
    keywords = "source",
    author = "",
    title = "101 Sonnets",
    year = "1999",
    editor = "Don Paterson",
    translator = "",
}

@book{aaat,
    keywords = "source",
    author = "Oscar Wilde",
    title = "Aristotle at Afternoon Tea: The Rare Oscar Wilde",
    year = "1991",
    editor = "John Jackson",
    translator = "",
}

@book{aamhat,
    keywords = "source",
    author = "{Steeleye Span}",
    title = "All Around My Hat",
    year = "1975",
    editor = "",
    translator = "",
}

@book{ac4,
    keywords = "source",
    author = "Louis Killen",
    title = "Assassin's Creed IV: Black Flag",
    year = "2013",
    editor = "",
    translator = "",
}

@book{agamemnon,
    keywords = "source",
    author = "Aeschylus",
    title = "Agamemnon",
    year = "1906",
    editor = "Prof William Goodwin",
    translator = "",
}

@book{albionband,
    keywords = "source",
    author = "The {Albion Band}",
    title = "The Albion Band: Live at the Cambridge Folk Festival",
    year = "1988",
    editor = "",
    translator = "",
}

@book{anglican,
    keywords = "source",
    author = "",
    title = "Anglican Hymns Old and New",
    year = "2008",
    editor = "{Kevin Mayhew Ltd}",
    translator = "",
}

@book{animals,
    keywords = "source",
    author = "The {Animals}",
    title = "The Animals",
    year = "1964",
    editor = "",
    translator = "",
}

@book{anothertime,
    keywords = "source",
    author = "Prof Wystan Auden",
    title = "Another Time",
    year = "1940",
    editor = "",
    translator = "",
}

@book{audena,
    keywords = "source",
    author = "Prof Wystan Auden",
    title = "W H Auden: Poems Selected by John Fuller",
    year = "2000",
    editor = "John Fuller",
    translator = "",
}

@book{audenb,
    keywords = "source",
    author = "Prof Wystan Auden",
    title = "Collected Poems",
    year = "1991",
    editor = "Prof Edward Mendelson",
    translator = "",
}

@book{aurelius,
    keywords = "source",
    author = "{Caesar Marcus Aurelius Antoninus Augustus}",
    title = "The Meditations of the Emperor Marcus Aurelius Antoninus",
    year = "1896",
    editor = "",
    translator = "Prof George Long",
}

@book{bcp,
    keywords = "source",
    author = "",
    title = "The Book of Common Prayer",
    year = "1662",
    editor = "Thomas {Cranmer, Archbishop of Canterbury}",
    translator = "",
}

@book{blakea,
    keywords = "source",
    author = "William Blake",
    title = "William Blake: Poems selected by James Fenton",
    year = "2010",
    editor = "Prof James Fenton",
    translator = "",
}

@book{bod17687,
    keywords = "source",
    author = "",
    title = "Bodleian 17687",
    year = "1840",
    editor = "",
    translator = "",
}

@book{bod8227,
    keywords = "source",
    author = "",
    title = "Bodleian 8227",
    year = "1780",
    editor = "",
    translator = "",
}

@book{brittain,
    keywords = "source",
    author = "Vera {Caitlin, Lady} Caitlin",
    title = "Testament of Youth",
    year = "1933",
    editor = "",
    translator = "",
}

@book{bunyan,
    keywords = "source",
    author = "John Bunyan",
    title = "Pilgrim's Progress",
    year = "1904",
    editor = "",
    translator = "",
}

@book{burns,
    keywords = "source",
    author = "Robert Burns",
    title = "Complete Poems",
    year = "1858",
    editor = "Allan Cunningham",
    translator = "",
}

@book{byron,
    keywords = "source",
    author = "George {Noel, 6th Baron} Byron",
    title = "The Poems and Dramas of Lord Byron",
    year = "1879",
    editor = "",
    translator = "",
}

@book{cabinfever,
    keywords = "source",
    author = "",
    title = "Cabin Fever",
    year = "2002",
    editor = "",
    translator = "",
}

@book{carolina2nd_cotton,
    keywords = "source",
    author = "{2nd South Carolina String Band}",
    title = "In High Cotton",
    year = "2002",
    editor = "",
    translator = "",
}

@book{carolina2nd_hard,
    keywords = "source",
    author = "{2nd South Carolina String Band}",
    title = "Hard Road",
    year = "2001",
    editor = "",
    translator = "",
}

@book{carolina2nd_lightning,
    keywords = "source",
    author = "{2nd South Carolina String Band}",
    title = "Lightning in a Jar",
    year = "2008",
    editor = "",
    translator = "",
}

@book{carolina2nd_southern,
    keywords = "source",
    author = "{2nd South Carolina String Band}",
    title = "Southern Soldier",
    year = "1997",
    editor = "",
    translator = "",
}

@book{carthy_rigs,
    keywords = "source",
    author = "Martin Carthy",
    title = "Rigs of the Time: The Best of Martin Carthy",
    year = "1994",
    editor = "",
    translator = "",
}

@book{cassell,
    keywords = "source",
    author = "",
    title = "Cassel's Anthology of English Poetry",
    year = "1938",
    editor = "Desmond Flower",
    translator = "",
}

@book{ccrown,
    keywords = "source",
    author = "{Steeleye Span}",
    title = "Commoners Crown",
    year = "1975",
    editor = "",
    translator = "",
}

@book{child,
    keywords = "source",
    author = "",
    title = "The English and Scottish Popular Ballads",
    year = "1898",
    editor = "Prof Francis Child",
    translator = "",
}

@book{clarimilan,
    keywords = "source",
    author = "John Payne",
    title = "Clari, or the Maid of Milan",
    year = "1823",
    editor = "",
    translator = "",
}

@book{confessions,
    keywords = "source",
    author = "St {Augustine of Hippo}",
    title = "The Confessions of St Augustine",
    year = "1860",
    editor = "",
    translator = "The Rev Prof William Shedd",
}

@book{corriesa,
    keywords = "source",
    author = "{The Corries}",
    title = "The Compact Collection",
    year = "2002",
    editor = "",
    translator = "",
}

@book{corriesb,
    keywords = "source",
    author = "{The Corries}",
    title = "The Corries: In Concert",
    year = "1995",
    editor = "",
    translator = "",
}

@book{criticasartist,
    keywords = "source",
    author = "Oscar Wilde",
    title = "The Critic as Artist",
    year = "1891",
    editor = "",
    translator = "",
}

@book{decayoflying,
    keywords = "source",
    author = "Oscar Wilde",
    title = "The Decay of Lying",
    year = "1889",
    editor = "",
    translator = "",
}

@book{deepwaterreturn,
    keywords = "source",
    author = "{Holdstock and Macleod}",
    title = "Deepwater Return",
    year = "2008",
    editor = "",
    translator = "",
}

@book{donegan,
    keywords = "source",
    author = "Lonnie Donegan",
    title = "Puttin' on the Style",
    year = "1978",
    editor = "",
    translator = "",
}

@book{dragonbook,
    keywords = "source",
    author = "",
    title = "The Dragon Book of Verse",
    year = "1935",
    editor = "W A C Wilkinson and N H Wilkinson",
    translator = "",
}

@book{dublinersa,
    keywords = "source",
    author = "{The Dubliners}",
    title = "Wild Rover",
    year = "1998",
    editor = "",
    translator = "",
}

@book{dublinersb,
    keywords = "source",
    author = "{The Dubliners}",
    title = "At Their Best",
    year = "2008",
    editor = "",
    translator = "",
}

@book{dublinersc,
    keywords = "source",
    author = "{The Dubliners}",
    title = "Finnegan Wakes",
    year = "1966",
    editor = "",
    translator = "",
}

@book{dumbangel,
    keywords = "source",
    author = "The {Beach Boys}",
    title = "Dumb Angel Rarities, Vol 3",
    year = "2001",
    editor = "",
    translator = "",
}

@book{elizabethan,
    keywords = "source",
    author = "Prof William Braithwaite",
    title = "The Book of Elizabethan Verse",
    year = "1907",
    editor = "",
    translator = "",
}

@book{epigramswilde,
    keywords = "source",
    author = "Oscar Wilde",
    title = "The Epigrams of Oscar Wilde",
    year = "1952",
    editor = "Alvin Redman",
    translator = "",
}

@book{faber20th,
    keywords = "source",
    author = "",
    title = "The Faber Book of Twentieth Century Verse",
    year = "1953",
    editor = "Prof John Heath-Stubbs and David Wright",
    translator = "",
}

@book{farcrynd,
    keywords = "source",
    author = "",
    title = "Far Cry: New Dawn",
    year = "2019",
    editor = "",
    translator = "",
}

@book{fbmv,
    keywords = "source",
    author = "",
    title = "The Faber Book of Modern Verse",
    year = "2009",
    editor = "Michael Roberts",
    translator = "",
}

@book{fenton,
    keywords = "source",
    author = "",
    title = "The New Faber Book of Love Poems",
    year = "2006",
    editor = "Prof James Fenton",
    translator = "",
}

@book{fiddlers,
    keywords = "source",
    author = "John Connolly",
    title = "The Man from Fiddlers' Green",
    year = "2010",
    editor = "",
    translator = "",
}

@book{gmp,
    keywords = "source",
    author = "",
    title = "The Great Modern Poets",
    year = "2010",
    editor = "Prof Michael Schmidt",
    translator = "",
}

@book{goldsmith,
    keywords = "source",
    author = "Oliver Goldsmith",
    title = "The Poems and Plays of Oliver Goldsmith",
    year = "1818",
    editor = "",
    translator = "",
}

@book{greatdivorce,
    keywords = "source",
    author = "Prof Clive Lewis",
    title = "The Great Divorce",
    year = "1946",
    editor = "",
    translator = "",
}

@book{happyprince,
    keywords = "source",
    author = "Oscar Wilde",
    title = "The Happy Prince and Other Tales",
    year = "1888",
    editor = "",
    translator = "",
}

@book{haskins,
    keywords = "source",
    author = "Miss Minnie Haskins",
    title = "The Desert",
    year = "1912",
    editor = "",
    translator = "",
}

@book{herringbone,
    keywords = "source",
    author = "Jackie Oates",
    title = "The Spyglass and the Herringbone",
    year = "2015",
    editor = "",
    translator = "",
}

@book{homilies,
    keywords = "source",
    author = "St {Augustine of Hippo}",
    title = "Homilies on the Gospel According to St John, and His First Epistle",
    year = "1849",
    editor = "",
    translator = "",
}

@book{htvw,
    keywords = "source",
    author = "{Steeleye Span}",
    title = "Hark! The Village Wait",
    year = "1970",
    editor = "",
    translator = "",
}

@book{hydestreet,
    keywords = "source",
    author = "{Hyde Street Chantey Singers}",
    title = "Sea Songs and Chanteys",
    year = "2002",
    editor = "",
    translator = "",
}

@book{idealhusband,
    keywords = "source",
    author = "Oscar Wilde",
    title = "An Ideal Husband",
    year = "1895",
    editor = "",
    translator = "",
}

@book{idlerwilde,
    keywords = "source",
    author = "Edgar Saltus",
    title = "Oscar Wilde: An Idler's Impression",
    year = "1917",
    editor = "",
    translator = "",
}

@book{iiscots,
    keywords = "source",
    author = "",
    title = "Scots Musical Museum, Vol II",
    year = "1788",
    editor = "James Johnson and Robert Burns",
    translator = "",
}

@book{isla,
    keywords = "source",
    author = "Isla Saint-Clair",
    title = "Highland Songs",
    year = "2004",
    editor = "",
    translator = "",
}

@book{ivscots,
    keywords = "source",
    author = "",
    title = "Scots Musical Museum, Vol IV",
    year = "1792",
    editor = "James Johnson and Robert Burns",
    translator = "",
}

@book{jacobite,
    keywords = "source",
    author = "Ewan MacColl",
    title = "The Jacobite Rebellions",
    year = "1962",
    editor = "",
    translator = "",
}

@book{johnnycollins,
    keywords = "source",
    author = "John Collins",
    title = "Sea Shanties and Songs of the Sea",
    year = "1999",
    editor = "",
    translator = "",
}

@book{justices,
    keywords = "source",
    author = "John {Campbell, 1st Baron} Campbell",
    title = "The Lives of the Chief Justices of England, Vol II",
    year = "1849",
    editor = "",
    translator = "",
}

@book{kipling,
    keywords = "source",
    author = "Rudyard Kipling",
    title = "Collected Poems of Rudyard Kipling",
    year = "1994",
    editor = "",
    translator = "",
}

@book{kjv,
    keywords = "source",
    author = "",
    title = "The Holy Bible, King James Version",
    year = "1611",
    editor = "",
    translator = "",
}

@book{llewyn,
    keywords = "source",
    author = "",
    title = "Inside Llewyn Davis Soundtrack",
    year = "2013",
    editor = "",
    translator = "",
}

@book{lloyd,
    keywords = "source",
    author = "Albert Lloyd and Ewan MacColl",
    title = "Blow Boys Blow",
    year = "1957",
    editor = "",
    translator = "",
}

@book{londonbook,
    keywords = "source",
    author = "",
    title = "The London Book of English Verse",
    year = "1949",
    editor = "Prof Sir Herbert Read and Prof Bonamy Dobrée",
    translator = "",
}

@book{lotr,
    keywords = "source",
    author = "Prof John Tolkien",
    title = "The Lord of the Rings",
    year = "1954",
    editor = "",
    translator = "",
}

@book{lyra,
    keywords = "source",
    author = "",
    title = "Lyra Apostolica",
    year = "1836",
    editor = "Saint John {Newman, Cardinal-Deacon of San Giorgio in Velabro}",
    translator = "",
}

@book{maccoll,
    keywords = "source",
    author = "Ewan MacColl and Peggy Seeger",
    title = "Classic Scots Ballads",
    year = "1956",
    editor = "",
    translator = "",
}

@book{masefield,
    keywords = "source",
    author = "Dr John Masefield",
    title = "The Poems and Plays of John Masefield: Poems",
    year = "1919",
    editor = "",
    translator = "",
}

@book{mcgonagall,
    keywords = "source",
    author = "Sir William {McGonagall, Knight of the White Elephant, Burmah}",
    title = "McGonagall: A Selection",
    year = "1998",
    editor = "Colin Walker",
    translator = "",
}

@book{metaphysicalpoetry,
    keywords = "source",
    author = "",
    title = "Metaphysical Poetry",
    year = "2006",
    editor = "Colin Burrow",
    translator = "",
}

@book{miltonpoem,
    keywords = "source",
    author = "William Blake",
    title = "Milton: A Poem in Two Books",
    year = "1811",
    editor = "",
    translator = "",
}

@book{montagu,
    keywords = "source",
    author = "Lady Mary Montagu",
    title = "The Letters and Works of Lady Mary Wortley Montagu",
    year = "1837",
    editor = "John {Stuart-Wortley-Mackenzie, 2nd Baron} Wharncliffe",
    translator = "",
}

@book{moorman,
    keywords = "source",
    author = "",
    title = "Songs of the Ridings",
    year = "1918",
    editor = "Prof Frederic Moorman",
    translator = "",
}

@book{myallandall,
    keywords = "source",
    author = "Ralph Stanley",
    title = "My All and All",
    year = "1997",
    editor = "",
    translator = "",
}

@book{neh,
    keywords = "source",
    author = "",
    title = "New English Hymnal",
    year = "1986",
    editor = "",
    translator = "",
}

@book{newlove,
    keywords = "source",
    author = "",
    title = "The New Penguin Book of Love Poetry",
    year = "2003",
    editor = "Prof Jonathan Stallworthy",
    translator = "",
}

@book{nicomachean,
    keywords = "source",
    author = "Aristotle",
    title = "Nicomachean Ethics",
    year = "1910",
    editor = "",
    translator = "The Rev Dr Drummond Chase",
}

@book{norton,
    keywords = "source",
    author = "",
    title = "The Norton Anthology of Poetry",
    year = "2005",
    editor = "Prof Jonathan Stallworthy",
    translator = "",
}

@book{notasource,
    keywords = "source",
    author = "Not an Author",
    title = "Not a Title",
    year = "0",
    editor = "Not an Editor",
    translator = "Not a Translator",
}

@book{oas1,
    keywords = "source",
    author = "Aaron Copland",
    title = "Old American Songs, Set 1",
    year = "2009",
    editor = "",
    translator = "",
}

@book{obev,
    keywords = "source",
    author = "",
    title = "The Oxford Book of English Verse",
    year = "1999",
    editor = "Prof Christopher Ricks",
    translator = "",
}

@book{obrother,
    keywords = "source",
    author = "",
    title = "O Brother, Where Art Thou? Soundtrack",
    year = "2000",
    editor = "",
    translator = "",
}

@book{odq,
    keywords = "source",
    author = "",
    title = "The Oxford Dictionary of Quotations",
    year = "2014",
    editor = "Elizabeth Knowles",
    translator = "",
}

@book{oldengland1,
    keywords = "source",
    author = "Tim Hart",
    title = "Folk Songs of Old England, Vol 1",
    year = "1968",
    editor = "",
    translator = "",
}

@book{oldengland2,
    keywords = "source",
    author = "Tim Hart",
    title = "Folk Songs of Old England, Vol 2",
    year = "1969",
    editor = "",
    translator = "",
}

@book{oldtime,
    keywords = "source",
    author = "{The Oldtime Stringband}",
    title = "Gotta Stop Kickin' My Dog Around",
    year = "2012",
    editor = "",
    translator = "",
}

@book{olney,
    keywords = "source",
    author = "Rev Dr John Newton and William Cowper",
    title = "Olney Hymns",
    year = "1779",
    editor = "",
    translator = "",
}

@book{omf,
    keywords = "source",
    author = "",
    title = "Other Men's Flowers",
    year = "1986",
    editor = "Archibald {Wavell, 1st Earl} Wavell",
    translator = "",
}

@book{oxfordlarkin,
    keywords = "source",
    author = "",
    title = "The Oxford Book of Twentieth Century English Verse",
    year = "1973",
    editor = "Prof Philip Larkin",
    translator = "",
}

@book{oxfordlocal,
    keywords = "source",
    author = "",
    title = "The Oxford Book of Local Verses",
    year = "1987",
    editor = "Prof John Holloway",
    translator = "",
}

@book{oxfordyeats,
    keywords = "source",
    author = "",
    title = "The Oxford Book of Modern Verse",
    year = "1936",
    editor = "W B Yeats",
    translator = "",
}

@book{parnassianmolehill,
    keywords = "source",
    author = "",
    title = "Parnassian Molehill",
    year = "1953",
    editor = "John {Gathorne-Hardy, 4th Earl of} Cranbrook",
    translator = "",
}

@book{pbev,
    keywords = "source",
    author = "",
    title = "The Penguin Book of English Verse",
    year = "1986",
    editor = "John Hayward",
    translator = "",
}

@book{pblv,
    keywords = "source",
    author = "",
    title = "The Penguin Book of Light Verse",
    year = "1980",
    editor = "Gavin Ewart",
    translator = "",
}

@book{phrasesandphilosophies,
    keywords = "source",
    author = "Oscar Wilde",
    title = "Phrases and Philosophies for the Use of the Young",
    year = "1894",
    editor = "",
    translator = "",
}

@book{pilgrims,
    keywords = "source",
    author = "Pilgrims' Way",
    title = "Wayside Courtesies",
    year = "2011",
    editor = "",
    translator = "",
}

@book{planxty,
    keywords = "source",
    author = "Christy Moore and Planxty",
    title = "Christy Moore and Friends",
    year = "1980",
    editor = "",
    translator = "",
}

@book{poetstongue,
    keywords = "source",
    author = "",
    title = "The Poet's Tongue",
    year = "1935",
    editor = "W H Auden and John Garrett",
    translator = "",
}

@book{politics,
    keywords = "source",
    author = "Aristotle",
    title = "The Politics of Aristotle",
    year = "1885",
    editor = "",
    translator = "Prof Benjamin Jowett",
}

@book{pomegranates,
    keywords = "source",
    author = "Oscar Wilde",
    title = "A House of Pomegranates",
    year = "1891",
    editor = "",
    translator = "",
}

@book{potesw,
    keywords = "source",
    author = "",
    title = "Poetry of the English-Speaking World",
    year = "1950",
    editor = "Richard Aldington",
    translator = "",
}

@book{praed1,
    keywords = "source",
    author = "Winthrop Praed",
    title = "The Poetical Works of Winthrop Mackworth Praed, Vol I",
    year = "1860",
    editor = "",
    translator = "",
}

@book{praed2,
    keywords = "source",
    author = "Winthrop Praed",
    title = "The Poetical Works of Winthrop Mackworth Praed, Vol II",
    year = "1859",
    editor = "",
    translator = "",
}

@book{psalmsinenglish,
    keywords = "source",
    author = "",
    title = "The Psalms in English",
    year = "1996",
    editor = "Prof Donald Davie",
    translator = "",
}

@book{ptmgmc,
    keywords = "source",
    author = "",
    title = "Poems that Make Grown Men Cry",
    year = "2014",
    editor = "Anthony Holden and Ben Holden",
    translator = "",
}

@book{rusby_awkward,
    keywords = "source",
    author = "Mrs Kate McCusker",
    title = "Awkward Annie",
    year = "2007",
    editor = "",
    translator = "",
}

@book{rusby_couldnt,
    keywords = "source",
    author = "Mrs Kate McCusker",
    title = "The Girl Who Couldn't Fly",
    year = "2005",
    editor = "",
    translator = "",
}

@book{rusby_hourglass,
    keywords = "source",
    author = "Mrs Kate McKusker",
    title = "Hourglass",
    year = "1997",
    editor = "",
    translator = "",
}

@book{rusby_littlelights,
    keywords = "source",
    author = "Mrs Kate McKusker",
    title = "Little Lights",
    year = "2001",
    editor = "",
    translator = "",
}

@book{rusby_mortals,
    keywords = "source",
    author = "Mrs Kate McCusker",
    title = "While Mortals Sleep",
    year = "2011",
    editor = "",
    translator = "",
}

@book{rusby_underneath,
    keywords = "source",
    author = "Mrs Kate McKusker",
    title = "Underneath the Stars",
    year = "2003",
    editor = "",
    translator = "",
}

@book{sailors,
    keywords = "source",
    author = "",
    title = "Sailors' Songs and Sea Shanties",
    year = "2004",
    editor = "",
    translator = "",
}

@book{scarborough,
    keywords = "source",
    author = "Ms Dorothy Scarborough",
    title = "On the Trail of Negro Folk-Songs",
    year = "1925",
    editor = "",
    translator = "",
}

@book{shakespeare,
    keywords = "source",
    author = "William Shakespeare",
    title = "The Complete Works of William Shakespeare",
    year = "1963",
    editor = "",
    translator = "Prof William Craig",
}

@book{spanning,
    keywords = "source",
    author = "{Steeleye Span}",
    title = "Spanning the Years",
    year = "1995",
    editor = "",
    translator = "",
}

@book{spinners,
    keywords = "source",
    author = "{The Spinners}",
    title = "The Spinners",
    year = "1994",
    editor = "",
    translator = "",
}

@book{springsteen,
    keywords = "source",
    author = "Bruce Springsteen",
    title = "We Shall Overcome: The Seeger Sessions",
    year = "2006",
    editor = "",
    translator = "",
}

@book{sss,
    keywords = "source",
    author = "Captain William Whall",
    title = "Ships, Sea Songs and Shanties",
    year = "1913",
    editor = "",
    translator = "",
}

@book{tannahill,
    keywords = "source",
    author = "Robert Tannahill",
    title = "The Poems and Songs of Robert Tannahill",
    year = "1874",
    editor = "Robert Semple",
    translator = "",
}

@book{teh,
    keywords = "source",
    author = "",
    title = "The English Hymnal",
    year = "1906",
    editor = "The Rev Percy Dearmer and Dr Ralph Williams",
    translator = "",
}

@book{terfel_simple,
    keywords = "source",
    author = "Bryn Terfel",
    title = "Simple Gifts",
    year = "2005",
    editor = "",
    translator = "",
}

@book{theblackalbum,
    keywords = "source",
    author = "Father, Son and Friends",
    title = "The Black Album",
    year = "2015",
    editor = "",
    translator = "",
}

@book{tmwwbk,
    keywords = "source",
    author = "",
    title = "The Man Who Would Be King",
    year = "1975",
    editor = "",
    translator = "",
}

@book{travelin,
    keywords = "source",
    author = "Emily Davidson and Robert Santelli",
    title = "Hard Travelin': The Life and Legacy of Woody Guthrie",
    year = "1999",
    editor = "",
    translator = "",
}

@book{treasury,
    keywords = "source",
    author = "",
    title = "The Golden Treasury",
    year = "1861",
    editor = "Prof Francis Palgrave",
    translator = "",
}

@book{treasury1924,
    keywords = "source",
    author = "",
    title = "The Golden Treasury",
    year = "1924",
    editor = "Prof Francis Palgrave and Sir Humphrey Milford",
    translator = "",
}

@book{truegrit,
    keywords = "source",
    author = "",
    title = "True Grit: Original Motion Picture Soundtrack",
    year = "2010",
    editor = "Carter Burwell",
    translator = "",
}

@book{twoaf,
    keywords = "source",
    author = "Samuel Butler",
    title = "The Way of All Flesh",
    year = "1904",
    editor = "",
    translator = "",
}

@book{unrespectableverse,
    keywords = "source",
    author = "",
    title = "The Penguin Book of Unrespectable Verse",
    year = "1981",
    editor = "Geoffrey Grigson",
    translator = "",
}

@book{vera,
    keywords = "source",
    author = "Oscar Wilde",
    title = "Vera",
    year = "1880",
    editor = "",
    translator = "",
}

@book{vitruvius,
    keywords = "source",
    author = "{Vitruvius Pollo}",
    title = "The Ten Books on Architecture",
    year = "1914",
    editor = "",
    translator = "Prof Morris Morgan",
}

@book{wilksattic,
    keywords = "source",
    author = "Jon Wilks",
    title = "Songs from the Attic",
    year = "2017",
    editor = "",
    translator = "",
}

@book{wuthering,
    keywords = "source",
    author = "Miss Emily Bront{\"e}{}",
    title = "Wuthering Heights",
    year = "1847",
    editor = "",
    translator = "",
}

@book{youngtradition,
    keywords = "source",
    author = "{The Young Tradition}",
    title = "The Young Tradition Sampler",
    year = "1970",
    editor = "",
    translator = "",
}

